<?xml version="1.0" encoding="UTF-8"?><collection xmlns="http://www.loc.gov/MARC21/slim"><record><leader>00641nam--2200193-u-4500</leader><controlfield tag="001">000053497</controlfield><controlfield tag="002">20161230</controlfield><controlfield tag="005">20161230201051</controlfield><controlfield tag="008">110408s1000------------r-----000-0-rum-d</controlfield><datafield ind1=" " ind2=" " tag="040"><subfield code="a">IFIN-HH</subfield></datafield><datafield ind1=" " ind2=" " tag="041"><subfield code="a">rum</subfield></datafield><datafield ind1=" " ind2=" " tag="080"><subfield code="a">550.3</subfield></datafield><datafield ind1="1" ind2=" " tag="100"><subfield code="a">Enescu, Bogdan-dumitru</subfield></datafield><datafield ind1="1" ind2="0" tag="245"><subfield code="a">Contributii la cunoasterea seismotectonicii zonei vrancea si la predictia cutremurelor din aceasta zona, folosind date seismologice si alte date geofizice</subfield><subfield code="b">Teza</subfield><subfield code="c">Bogdan-dumitru enescu</subfield></datafield><datafield ind1=" " ind2=" " tag="260"><subfield code="a">Bucuresti</subfield><subfield code="b">Ifa</subfield><subfield code="c">2001</subfield></datafield><datafield ind1=" " ind2=" " tag="300"><subfield code="a">243P</subfield></datafield><datafield ind1=" " ind2=" " tag="502"><subfield code="a">Conducator Stiintific: Dr.Doc. Dumitru Enescu</subfield></datafield><datafield ind1=" " ind2=" " tag="852"><subfield code="a">81278</subfield><subfield code="c">550.3</subfield></datafield><datafield ind1=" " ind2=" " tag="CAT"><subfield code="a">Sys</subfield><subfield code="c">20110408</subfield><subfield code="h">105004</subfield></datafield></record></collection>